% ------------------------------------------------------------------------
% BIBLIOGRAPHY FILE
% ------------------------------------------------------------------------

@techreport{Geneva,
   author = "World Health Organization",
   title  = "Global Status Report on Road Safety",
   year   = "2015",
   type   = "Relatório Técnico"	
}

@misc{PT1,
   author = "Autoridade Nacional para a Segurança Rodoviária",
   title  = "Relatórios de sinistralidade rodoviária (período de 1 de janeiro a 15 de março)",
   year   = "2018"
}
   
@misc{DR,
   author = "Presidência do Conselho de Ministros. Lisboa.",
   title  = "Resolução de Conselho de Ministros nº 85/2017 – Diário da República nº 116/2017"
}

@misc{Robocorp,
   author = "Instituto de Investigação Aplicada. Politécnico de Coimbra - i2a",
   title  = "em \url{http://iia.pt/robocorp/}",
   howpublished = "\url{https://www.iitk.ac.in/tkic/workshop/robotics/ppt/day5/arshad.pdf}"
}



